@book{kutz_2013,
    place={Oxford}, 
    title={Data-driven modeling \& scientific computation: methods for complex systems \& big data},
    publisher={Oxford University Press},
    author={Kutz, Jose Nathan},
    year={2013}
}