@book{kutz_2013,
    place={Oxford}, 
    title={Data-driven modeling \& scientific computation: methods for complex systems \& big data},
    publisher={Oxford University Press},
    author={Kutz, Jose Nathan},
    year={2013}
}

@inproceedings{Shalizi2012AdvancedDA,
  title={Advanced Data Analysis from an Elementary Point of View},
  author={Cosma Rohilla Shalizi},
  year={2012}
}